@misc{wikiarte,
	title        = {Arte},
	author       = {Wikipedia},
	howpublished = {\url{https://pt.wikipedia.org/wiki/Arte}},
	note         = {Accessed: 2022-06-08}
}

@misc{1000museums,
	title        = {1000 Museums},
	author       = {1000 Museums},
	howpublished = {\url{https://www.1000museums.com/}},
	note         = {Accessed: 2022-06-08}
}

@misc{artsy,
	title        = {Artsy},
	author       = {Artsy},
	howpublished = {\url{https://www.artsy.net/}},
	note         = {Accessed: 2022-06-08}
}

@misc{patrimonio,
	title        = {Artivismo – reflexões da arte sobre a sociedade},
	author       = {Patrimonio},
	howpublished = {\url{https://www.patrimonio.pt/post/artivismo-reflex%C3%B5es-da-arte-sobre-a-sociedade}},
	year         = {2020},
	note         = {Accessed: 2022-06-08}
}

@article{nissila2021creating,
  title={Creating a functional and aesthetic online store for art print sales},
  author={Nissil{\"a}, Elias},
  year={2021}
}

@article{giam2017setting,
  title={Setting up an online store for selling art prints},
  author={Giam, Yee Feng},
  year={2017},
  publisher={Tampereen ammattikorkeakoulu}
}